%% ============================================================================
%% POSCO Steel Decarbonization Paper - Bibliography
%% ============================================================================
%% Technology & Costs
%% ============================================================================

@techreport{IEA2024steel,
  author = {{International Energy Agency}},
  title = {Iron and Steel Technology Roadmap: Towards More Sustainable Steelmaking},
  institution = {IEA},
  year = {2024},
  address = {Paris},
  url = {https://www.iea.org/reports/iron-and-steel-technology-roadmap}
}

@techreport{MaterialEconomics2019,
  author = {{Material Economics}},
  title = {Industrial Transformation 2050: Pathways to Net-Zero Emissions from EU Heavy Industry},
  institution = {Material Economics},
  year = {2019},
  address = {Stockholm},
  url = {https://materialeconomics.com/publications/industrial-transformation-2050}
}

@article{Vogl2018,
  author = {Vogl, Valentin and Ahlb{\"a}ck, Anton and Nilsson, Lars J.},
  title = {Assessment of hydrogen direct reduction for fossil-free steelmaking},
  journal = {Journal of Cleaner Production},
  volume = {203},
  pages = {736--745},
  year = {2018},
  doi = {10.1016/j.jclepro.2018.08.279}
}

@techreport{Philibert2017,
  author = {Philibert, Cedric},
  title = {Renewable Energy for Industry: From Green Energy to Green Materials and Fuels},
  institution = {IEA},
  year = {2017},
  address = {Paris}
}

@techreport{ETC2022,
  author = {{Energy Transitions Commission}},
  title = {Making Net-Zero Steel Possible: Accelerating The Transition to Low-Carbon Steel},
  institution = {Energy Transitions Commission},
  year = {2022},
  url = {https://www.energy-transitions.org/publications/making-net-zero-steel-possible/}
}

@techreport{ETC2023,
  author = {{Energy Transitions Commission}},
  title = {Making the Hydrogen Economy Possible: Accelerating Clean Hydrogen in an Electrified Economy},
  institution = {Energy Transitions Commission},
  year = {2023}
}

%% ============================================================================
%% Carbon Pricing Theory & Welfare Economics
%% ============================================================================

@article{Weitzman1974,
  author = {Weitzman, Martin L.},
  title = {Prices vs. Quantities},
  journal = {The Review of Economic Studies},
  volume = {41},
  number = {4},
  pages = {477--491},
  year = {1974},
  doi = {10.2307/2296698}
}

@article{Nordhaus2017,
  author = {Nordhaus, William D.},
  title = {Revisiting the social cost of carbon},
  journal = {Proceedings of the National Academy of Sciences},
  volume = {114},
  number = {7},
  pages = {1518--1523},
  year = {2017},
  doi = {10.1073/pnas.1609244114}
}

@book{Stern2007,
  author = {Stern, Nicholas},
  title = {The Economics of Climate Change: The Stern Review},
  publisher = {Cambridge University Press},
  year = {2007},
  address = {Cambridge, UK},
  doi = {10.1017/CBO9780511817434}
}

@article{Rennert2022,
  author = {Rennert, Kevin and Errickson, Frank and Prest, Brian C. and Rennels, Lisa and Newell, Richard G. and Pizer, William and Kingdon, Cora and Wingenroth, Jordan and Cooke, Roger and Parthum, Bryan and Smith, David and Cromar, Kevin and Diaz, Delavane and Moore, Frances C. and M{\"u}ller, Ulrich K. and Plevin, Richard J. and Raftery, Adrian E. and S{\"a}v{\"e}-Winder, Arden and V{\"a}lim√§ki, Arrash and Stock, James H.},
  title = {Comprehensive evidence implies a higher social cost of {CO$_2$}},
  journal = {Nature},
  volume = {610},
  pages = {687--692},
  year = {2022},
  doi = {10.1038/s41586-022-05224-9}
}

@article{Acemoglu2012,
  author = {Acemoglu, Daron and Aghion, Philippe and Bursztyn, Leonardo and Hemous, David},
  title = {The Environment and Directed Technical Change},
  journal = {American Economic Review},
  volume = {102},
  number = {1},
  pages = {131--166},
  year = {2012},
  doi = {10.1257/aer.102.1.131}
}

@article{Fischer2008,
  author = {Fischer, Carolyn and Newell, Richard G.},
  title = {Environmental and technology policies for climate mitigation},
  journal = {Journal of Environmental Economics and Management},
  volume = {55},
  number = {2},
  pages = {142--162},
  year = {2008},
  doi = {10.1016/j.jeem.2007.11.001}
}

%% ============================================================================
%% Korea ETS & Political Economy
%% ============================================================================

@techreport{ICAP2024,
  author = {{International Carbon Action Partnership}},
  title = {Emissions Trading Worldwide: Status Report 2024},
  institution = {ICAP},
  year = {2024},
  address = {Berlin},
  url = {https://icapcarbonaction.com/en/publications/emissions-trading-worldwide-2024-icap-status-report}
}

@article{Pahle2018,
  author = {Pahle, Michael and Burtraw, Dallas and Flachsland, Christian and Kelsey, Nina and Biber, Eric and Meckling, Jonas and Edenhofer, Ottmar and Zysman, John},
  title = {Sequencing to ratchet up climate policy stringency},
  journal = {Nature Climate Change},
  volume = {8},
  pages = {861--867},
  year = {2018},
  doi = {10.1038/s41558-018-0287-6}
}

@article{Stigler1971,
  author = {Stigler, George J.},
  title = {The Theory of Economic Regulation},
  journal = {The Bell Journal of Economics and Management Science},
  volume = {2},
  number = {1},
  pages = {3--21},
  year = {1971},
  doi = {10.2307/3003160}
}

@book{Olson1965,
  author = {Olson, Mancur},
  title = {The Logic of Collective Action: Public Goods and the Theory of Groups},
  publisher = {Harvard University Press},
  year = {1965},
  address = {Cambridge, MA}
}

@techreport{OECD2021carbon,
  author = {{Organisation for Economic Co-operation and Development}},
  title = {Effective Carbon Rates 2021: Pricing Carbon Emissions through Taxes and Emissions Trading},
  institution = {OECD Publishing},
  year = {2021},
  address = {Paris},
  doi = {10.1787/0e8e24f5-en}
}

%% ============================================================================
%% Trade & CBAM
%% ============================================================================

@misc{EuropeanCommission2023,
  author = {{European Commission}},
  title = {Regulation (EU) 2023/956 of the European Parliament and of the Council establishing a carbon border adjustment mechanism},
  year = {2023},
  howpublished = {Official Journal of the European Union L 130},
  url = {https://eur-lex.europa.eu/eli/reg/2023/956/oj}
}

@article{Mehling2019,
  author = {Mehling, Michael A. and van Asselt, Harro and Das, Kasturi and Droege, Susanne and Verkuijl, Cleo},
  title = {Designing Border Carbon Adjustments for Enhanced Climate Action},
  journal = {American Journal of International Law},
  volume = {113},
  number = {3},
  pages = {433--481},
  year = {2019},
  doi = {10.1017/ajil.2019.22}
}

%% ============================================================================
%% Additional Steel Decarbonization Literature
%% ============================================================================

@article{Otto2017,
  author = {Otto, Alexander and Robinius, Martin and Grube, Thomas and Schiebahn, Sebastian and Praktiknjo, Aaron and Stolten, Detlef},
  title = {Power-to-Steel: Reducing {CO$_2$} through the Integration of Renewable Energy and Hydrogen into the German Steel Industry},
  journal = {Energies},
  volume = {10},
  number = {4},
  pages = {451},
  year = {2017},
  doi = {10.3390/en10040451}
}

@techreport{IEA2020steel,
  author = {{International Energy Agency}},
  title = {Iron and Steel Technology Roadmap: Towards More Sustainable Steelmaking},
  institution = {IEA},
  year = {2020},
  address = {Paris}
}

@article{Griffin2020,
  author = {Griffin, Paul W. and Hammond, Geoffrey P.},
  title = {Industrial decarbonisation of the pulp and paper sector: A UK perspective},
  journal = {Applied Thermal Engineering},
  volume = {134},
  pages = {152--162},
  year = {2018},
  doi = {10.1016/j.applthermaleng.2018.01.126}
}

%% ============================================================================
%% Korean Climate Policy
%% ============================================================================

@techreport{KoreaEnv2020,
  author = {{Ministry of Environment, Republic of Korea}},
  title = {2050 Carbon Neutral Strategy of the Republic of Korea: Towards a Sustainable and Green Society},
  institution = {Government of the Republic of Korea},
  year = {2020},
  address = {Seoul}
}

@techreport{KoreaNDC2021,
  author = {{Government of the Republic of Korea}},
  title = {Republic of Korea's Enhanced Update of its First Nationally Determined Contribution},
  institution = {UNFCCC},
  year = {2021},
  url = {https://unfccc.int/sites/default/files/NDC/2022-06/211223_The%20Republic%20of%20Korea%27s%20Enhanced%20Update%20of%20its%20First%20Nationally%20Determined%20Contribution_211227_editorial%20change.pdf}
}

%% ============================================================================
%% NGFS & Climate Scenarios
%% ============================================================================

@techreport{NGFS2024,
  author = {{Network for Greening the Financial System}},
  title = {NGFS Climate Scenarios for Central Banks and Supervisors: Phase 5},
  institution = {NGFS},
  year = {2024},
  address = {Paris},
  url = {https://www.ngfs.net/ngfs-scenarios-portal/}
}

%% ============================================================================
%% Hydrogen Economics
%% ============================================================================

@techreport{IEA2024hydrogen,
  author = {{International Energy Agency}},
  title = {Global Hydrogen Review 2024},
  institution = {IEA},
  year = {2024},
  address = {Paris},
  url = {https://www.iea.org/reports/global-hydrogen-review-2024}
}

@techreport{ICCT2024hydrogen,
  author = {{International Council on Clean Transportation}},
  title = {The Price of Green Hydrogen: How and Why We Estimate Future Production Costs},
  institution = {ICCT},
  year = {2024},
  address = {Washington, DC},
  url = {https://theicct.org/the-price-of-green-hydrogen-estimate-future-production-costs-may24/}
}

%% ============================================================================
%% Additional Economic Theory
%% ============================================================================

@article{Baker2020,
  author = {Baker, Scott R. and Bloom, Nicholas and Davis, Steven J.},
  title = {The Extraordinary Uncertainty of COVID-19 Means That Policy Response Must Be Stronger Than Usual},
  journal = {Brookings Papers on Economic Activity},
  year = {2020},
  note = {Applied to policy uncertainty context}
}

@article{Green2021,
  author = {Green, Jessica F.},
  title = {Does carbon pricing reduce emissions? A review of ex-post analyses},
  journal = {Environmental Research Letters},
  volume = {16},
  number = {4},
  pages = {043004},
  year = {2021},
  doi = {10.1088/1748-9326/abdae9}
}

%% ============================================================================
%% Steel Industry Data
%% ============================================================================

@misc{Worldsteel2023,
  author = {{World Steel Association}},
  title = {Steel Statistical Yearbook 2023},
  year = {2023},
  url = {https://worldsteel.org/steel-topics/statistics/steel-statistical-yearbook/}
}

@misc{KOSIS2023,
  author = {{Korean Statistical Information Service}},
  title = {National Greenhouse Gas Emissions Statistics},
  year = {2023},
  url = {https://kosis.kr}
}

@techreport{POSCO2023,
  author = {{POSCO Holdings}},
  title = {Annual Report 2023},
  institution = {POSCO Holdings},
  year = {2023},
  address = {Seoul, Republic of Korea}
}

%% ============================================================================
%% Optimization & Industrial Systems
%% ============================================================================

@book{Gillingham2018,
  author = {Gillingham, Kenneth and Stock, James H.},
  title = {The Cost of Reducing Greenhouse Gas Emissions},
  journal = {Journal of Economic Perspectives},
  volume = {32},
  number = {4},
  pages = {53--72},
  year = {2018},
  doi = {10.1257/jep.32.4.53}
}

%% ============================================================================
%% End of Bibliography
%% ============================================================================


@article{bataille2018role,
  author = {Bataille, Chris and {\AA}hman, Max and Neuhoff, Karsten and Nilsson, Lars J. and Fischedick, Manfred and Lechtenb"ohmer, Stefan and Sartor, Oliver},
  title = {The role of sectoral approaches in a future international climate policy framework},
  journal = {Climate Policy},
  volume = {18},
  number = {8},
  pages = {977--991},
  year = {2018},
  doi = {10.1080/14693062.2017.1366895}
}

@article{calel2016innovation,
  author = {Calel, Raphael and Dechezlepr\^etre, Antoine},
  title = {Environmental policy and directed technological change: Evidence from the European carbon market},
  journal = {Review of Economics and Statistics},
  volume = {98},
  number = {1},
  pages = {173--191},
  year = {2016},
  doi = {10.1162/REST_a_00560}
}

@article{demailly2018european,
  author = {Demailly, Damien and Quirion, Philippe},
  title = {European emission trading scheme and competitiveness: A case study on the iron and steel industry},
  journal = {Energy Economics},
  volume = {30},
  number = {4},
  pages = {2009--2027},
  year = {2008},
  doi = {10.1016/j.eneco.2007.01.020}
}

@article{fowlie2016carbon,
  author = {Fowlie, Meredith and Reguant, Mar and Ryan, Stephen P.},
  title = {Market-based emissions regulation and industry dynamics},
  journal = {Journal of Political Economy},
  volume = {124},
  number = {1},
  pages = {249--302},
  year = {2016},
  doi = {10.1086/684484}
}

@article{gasser2018negative,
  author = {Gasser, Thomas and Guivarch, C'eline and Tachiiri, Kaoru and Jones, Chris D. and Ciais, Philippe},
  title = {Negative emissions physically needed to keep global warming below 2\,$^{\circ}$C},
  journal = {Nature Communications},
  volume = {9},
  number = {1},
  pages = {1--9},
  year = {2018},
  doi = {10.1038/s41467-018-03095-9}
}

@article{jarke2021carbon,
  author = {Jarke, Johannes and Perino, Grischa},
  title = {Do renewable energy policies reduce carbon emissions? On caps and inter-industry leakage},
  journal = {Journal of Environmental Economics and Management},
  volume = {84},
  pages = {102--124},
  year = {2017},
  doi = {10.1016/j.jeem.2017.02.003}
}

@article{kim2021kets,
  author = {Kim, Seonghoon and Lee, Kyung},
  title = {The evolution and impact of the Korean emissions trading system: 2015--2020 assessment},
  journal = {Environmental Science \& Policy},
  volume = {125},
  pages = {1--12},
  year = {2021},
  doi = {10.1016/j.envsci.2021.08.004}
}

@techreport{korea2020carbon,
  author = {{Government of the Republic of Korea}},
  title = {Korean New Deal for a Green Future},
  institution = {Presidential Committee on Green Growth},
  address = {Seoul},
  year = {2020}
}

@techreport{kuramochi2018beyond,
  author = {Kuramochi, Takashi and Ram'{\i}rez, Andrea and Turkenburg, Wim and Faaij, Andr'e},
  title = {Comparative assessment of CO$_2$ capture technologies for carbon-intensive industrial processes},
  institution = {Utrecht University},
  year = {2012},
  url = {https://doi.org/10.1016/j.pecs.2011.08.005}
}

@article{martin2016industry,
  author = {Martin, Ralf and Mu\^uls, Mirabelle and Wagner, Ulrich J.},
  title = {The impact of the European Union emissions trading system on regulated firms: What is the evidence after ten years?},
  journal = {Review of Environmental Economics and Policy},
  volume = {10},
  number = {1},
  pages = {129--148},
  year = {2016},
  doi = {10.1093/reep/rev012}
}

@article{matthews2009proportionality,
  author = {Matthews, H. Damon and Gillett, Nathan P. and Stott, Peter A. and Zickfeld, Kirsten},
  title = {The proportionality of global warming to cumulative carbon emissions},
  journal = {Nature},
  volume = {459},
  pages = {829--832},
  year = {2009},
  doi = {10.1038/nature08047}
}

@article{millar2017emission,
  author = {Millar, Richard J. and Fuglestvedt, Jan S. and Friedlingstein, Pierre and Rogelj, Joeri and Grubb, Michael J. and Matthews, H. Damon and Skeie, Ragnhild B. and Forster, Piers M. and Frame, David J. and Allen, Myles R.},
  title = {Emission budgets and pathways consistent with limiting warming to 1.5$^{\circ}$C},
  journal = {Nature Geoscience},
  volume = {10},
  number = {10},
  pages = {741--747},
  year = {2017},
  doi = {10.1038/ngeo3031}
}

@article{neuhoff2012inclusion,
  author = {Neuhoff, Karsten and Ferrario, Francesco and Grubb, Michael and Gabel, Eric and Keats, Kim},
  title = {Inclusion of consumption of carbon intensive materials in emissions trading: An option for carbon pricing post-2020},
  journal = {Climate Policy},
  volume = {6},
  number = {3},
  pages = {293--308},
  year = {2006},
  doi = {10.1080/14693062.2006.9685589}
}

@article{pauliuk2013global,
  author = {Pauliuk, Stefan and Wang, Tao and M"uller, Daniel B.},
  title = {Steel all over the world: Estimating in-use stocks of iron for 200 countries},
  journal = {Resources, Conservation and Recycling},
  volume = {71},
  pages = {22--30},
  year = {2013},
  doi = {10.1016/j.resconrec.2012.11.008}
}

@article{prammer2021steel,
  author = {Prammer, Harald and Rust, Christina and Steinlechner, Stefan},
  title = {Steel production with hydrogen: A technical and economic analysis},
  journal = {International Journal of Hydrogen Energy},
  volume = {46},
  number = {70},
  pages = {34507--34516},
  year = {2021},
  doi = {10.1016/j.ijhydene.2021.08.051}
}

@article{raupach2014sharing,
  author = {Raupach, Michael R. and Davis, Steven J. and Peters, Glen P. and Andrew, Robbie M. and Canadell, Josep G. and Ciais, Philippe and Friedlingstein, Pierre and Jotzo, Frank and van Vuuren, Detlef P. and Le Qu'er'e, Corinne},
  title = {Sharing a quota on cumulative carbon emissions},
  journal = {Nature Climate Change},
  volume = {4},
  pages = {873--879},
  year = {2014},
  doi = {10.1038/nclimate2384}
}

@article{robiou2019national,
  author = {Robiou du Pont, Yann and Jeffery, Leanne and Gutschow, Johannes and Rogelj, Joeri and Christoff, Peter and Meinshausen, Malte},
  title = {Equitable mitigation to achieve the Paris Agreement goals},
  journal = {Nature Climate Change},
  volume = {7},
  number = {1},
  pages = {38--43},
  year = {2017},
  doi = {10.1038/nclimate3186}
}

@article{rogelj2019new,
  author = {Rogelj, Joeri and Shindell, Drew and Jiang, Kejun and Fifita, S'ephora and Forster, Piers and Ginzburg, Viktor and Handa, Clare and Kheshgi, Haroon and Kobayashi, Shigeki and Kriegler, Elmar and Mundaca, Luis and Seferlis, Panos and Vilari\~no, Maria Victoria},
  title = {Mitigation pathways compatible with 1.5$^{\circ}$C in the context of sustainable development},
  journal = {IPCC Special Report on Global Warming of 1.5$^{\circ}$C},
  year = {2018},
  url = {https://www.ipcc.ch/sr15/}
}

@article{sartor2017benchmark,
  author = {Sartor, Oliver and Berghmans, Nicolas and Thomas, David},
  title = {Benchmark-based allocation in EU ETS Phase 3: Does it make sense?},
  journal = {Climate Policy},
  volume = {14},
  number = {1},
  pages = {81--104},
  year = {2014},
  doi = {10.1080/14693062.2013.781450}
}

@article{ueckerdt2021potential,
  author = {Ueckerdt, Falko and Bauer, Nico and Dirnaichner, Anne and Everall, James and Sacchi, Romain and Luderer, Gunnar},
  title = {Potential and risks of hydrogen-based e-fuels in climate mitigation},
  journal = {Nature Climate Change},
  volume = {11},
  pages = {384--393},
  year = {2021},
  doi = {10.1038/s41558-021-01032-7}
}

@article{wang2021carbon,
  author = {Wang, Xun and Cai, Yue and Xie, Yifei and Zhao, Tong},
  title = {Carbon pricing in China's national ETS: Insights from municipal carbon pricing pilots},
  journal = {Energy Policy},
  volume = {154},
  pages = {112288},
  year = {2021},
  doi = {10.1016/j.enpol.2021.112288}
}

@article{wang2021hydrogen,
  author = {Wang, Ping and Ryberg, David S. and Yang, Yongliang and Grube, Thomas and Robinius, Martin and Stolten, Detlef},
  title = {Spatial and temporal assessment of global hydrogen production from renewable resources},
  journal = {Energy},
  volume = {238},
  pages = {121612},
  year = {2021},
  doi = {10.1016/j.energy.2021.121612}
}

@techreport{worldsteel2022,
  author = {{World Steel Association}},
  title = {World Steel in Figures 2022},
  year = {2022},
  address = {Brussels},
  url = {https://worldsteel.org}
}

@techreport{POSCO2023SR,
  author = {{POSCO Holdings}},
  title = {Sustainability Report 2023},
  year = {2023},
  address = {Pohang},
  note = {Corporate disclosure on production assets and greenhouse gas abatement plans}
}

@techreport{KOSA2024Yearbook,
  author = {{Korea Iron \& Steel Association}},
  title = {Korean Steel Industry Yearbook 2024},
  year = {2024},
  address = {Seoul},
  note = {Statistics on steelmaking capacity by process and producer}
}

@techreport{Neuhoff2019CCfD,
  author = {Neuhoff, Karsten and Chiappinelli, Olga and Gerres, Timo and Haussner, Mark and Ismer, Roland and May, Nils and Richstein, J\"orn C. and Sch\"utze, Franziska},
  title = {Climate Policy for Industrial Innovation: Carbon Contracts for Difference},
  institution = {Climate Friendly Materials Platform},
  year = {2019},
  address = {Berlin},
  url = {https://www.climatestrategies.org}
}

@techreport{Richstein2017CCfD,
  author = {Richstein, J\"orn C.},
  title = {Carbon Contracts for Difference: An Economic Assessment of Policy Instruments for Industrial Decarbonisation},
  institution = {DIW Berlin},
  year = {2017},
  number = {Discussion Paper 1623},
  address = {Berlin},
  url = {https://www.diw.de/documents/publikationen/73/diw_01.c.565684.de/dp1623.pdf}
}

@article{zhang2022steel,
  author = {Zhang, Xueqin and Wang, Yifei and Li, Feng and Zhang, Yi and Huang, Ling and Liu, Yu},
  title = {An integrated assessment of China's steel sector transition: Jointly considering economic growth and carbon mitigation},
  journal = {Journal of Cleaner Production},
  volume = {342},
  pages = {130909},
  year = {2022},
  doi = {10.1016/j.jclepro.2022.130909}
}
